<?xml version="1.0" encoding="UTF-8"?>
<collection xmlns:xsi="http://www.w3.org/2001/XMLSchema-instance" xsi:schemaLocation="http://www.loc.gov/MARC21/slim http://www.loc.gov/standards/marcxml/schema/MARC21slim.xsd" xmlns="http://www.loc.gov/MARC21/slim">
<record>
  <leader>01011mam a2200277 a 4500</leader>
  <controlfield tag="001">1723117</controlfield>
  <controlfield tag="003">NNC</controlfield>
  <controlfield tag="005">20160623143635.0</controlfield>
  <controlfield tag="008">920309s1912    le            000 0 ara d</controlfield>
  <datafield tag="010" ind1=" " ind2=" ">
    <subfield code="a">a  53005798 </subfield>
  </datafield>
  <datafield tag="035" ind1=" " ind2=" ">
    <subfield code="a">(OCoLC)ocm25416375</subfield>
  </datafield>
  <datafield tag="035" ind1=" " ind2=" ">
    <subfield code="9">ALC8093CU</subfield>
  </datafield>
  <datafield tag="035" ind1=" " ind2=" ">
    <subfield code="a">(NNC)1723117</subfield>
  </datafield>
  <datafield tag="040" ind1=" " ind2=" ">
    <subfield code="a">MSM</subfield>
    <subfield code="c">MSM</subfield>
    <subfield code="d">DAY</subfield>
  </datafield>
  <datafield tag="100" ind1="0" ind2=" ">
    <subfield code="a">Agapius,</subfield>
    <subfield code="c">Bishop of Hierapolis,</subfield>
    <subfield code="d">active 10th century.</subfield>
  </datafield>
  <datafield tag="245" ind1="1" ind2="0">
    <subfield code="a">Agapius Episcopus Mabbugensis Historia universalis.</subfield>
  </datafield>
  <datafield tag="260" ind1=" " ind2=" ">
    <subfield code="a">Beryti :</subfield>
    <subfield code="b">E Typographeo Catholico,</subfield>
    <subfield code="c">1912.</subfield>
  </datafield>
  <datafield tag="300" ind1=" " ind2=" ">
    <subfield code="a">v.</subfield>
    <subfield code="c">25 cm.</subfield>
  </datafield>
  <datafield tag="490" ind1="1" ind2=" ">
    <subfield code="a">Corpus scriptorum Christianorum Orientalium ;</subfield>
    <subfield code="v">v. 65.</subfield>
    <subfield code="a">Scriptores Arabici ;</subfield>
    <subfield code="v">t.5</subfield>
  </datafield>
  <datafield tag="505" ind1="0" ind2=" ">
    <subfield code="a">[1] Textus, edidit P. L. Cheikho.</subfield>
  </datafield>
  <datafield tag="650" ind1=" " ind2="0">
    <subfield code="a">World history</subfield>
    <subfield code="v">Early works to 1800.</subfield>
  </datafield>
  <datafield tag="700" ind1="1" ind2=" ">
    <subfield code="a">Cheikho, Louis,</subfield>
    <subfield code="d">1859-1927,</subfield>
    <subfield code="e">editor.</subfield>
  </datafield>
  <datafield tag="740" ind1="0" ind2=" ">
    <subfield code="a">Historia universalis.</subfield>
  </datafield>
  <datafield tag="830" ind1=" " ind2="0">
    <subfield code="a">Corpus scriptorum Christianorum Orientalium.</subfield>
    <subfield code="p">Scriptores Arabici ;</subfield>
    <subfield code="v">t. 5.</subfield>
  </datafield>
  <datafield tag="830" ind1=" " ind2="0">
    <subfield code="a">Corpus scriptorum Christianorum Orientalium ;</subfield>
    <subfield code="v">v. 65.</subfield>
  </datafield>
  <datafield tag="955" ind1=" " ind2=" ">
    <subfield code="b">CU02998874</subfield>
    <subfield code="d">off,uts</subfield>
    <subfield code="e">GL41 C82</subfield>
    <subfield code="v">v.10 (65)</subfield>
  </datafield>
</record>
</collection>